<?xml version="1.0" encoding="UTF-8" ?><marc:collection xmlns:marc="http://www.loc.gov/MARC21/slim" xmlns:xsi="http://www.w3.org/2001/XMLSchema-instance" xsi:schemaLocation="http://www.loc.gov/MARC21/slim http://www.loc.gov/standards/marcxml/schema/MARC21slim.xsd">
<marc:record><marc:leader>02304nam a2200313   4500</marc:leader>
<marc:controlfield tag="001">6309</marc:controlfield>
<marc:controlfield tag="003">aeadna</marc:controlfield><marc:controlfield tag="005">20100502082600.0</marc:controlfield><marc:controlfield tag="008">960519s1922    ua     f 00  a00 d0|    u</marc:controlfield><marc:datafield tag="035" ind1=" " ind2=" "><marc:subfield code="a">(Sirsi) 6309</marc:subfield></marc:datafield><marc:datafield tag="040" ind1=" " ind2=" "><marc:subfield code="a">nal</marc:subfield><marc:subfield code="b">ara</marc:subfield><marc:subfield code="e">AACR2</marc:subfield></marc:datafield><marc:datafield tag="041" ind1="0" ind2=" "><marc:subfield code="a">ara</marc:subfield></marc:datafield><marc:datafield tag="050" ind1=" " ind2="4"><marc:subfield code="a">PJ6620</marc:subfield><marc:subfield code="b">.Z35 1922</marc:subfield></marc:datafield><marc:datafield tag="066" ind1=" " ind2=" "><marc:subfield code="c">(3</marc:subfield></marc:datafield><marc:datafield tag="082" ind1="1" ind2="0"><marc:subfield code="a">414.03</marc:subfield><marc:subfield code="b">21</marc:subfield></marc:datafield><marc:datafield tag="100" ind1="1" ind2=" "><marc:subfield code="a">الزمخشري، محمود بن عمر،</marc:subfield><marc:subfield code="d">1075-1144.</marc:subfield></marc:datafield><marc:datafield tag="245" ind1="1" ind2="0"><marc:subfield code="a">أساس البلاغة /</marc:subfield><marc:subfield code="c">تأليف جار الله أبي القاسم محمود بن عمر الزمخشري</marc:subfield></marc:datafield><marc:datafield tag="260" ind1=" " ind2=" "><marc:subfield code="a">القاهرة :</marc:subfield><marc:subfield code="b">دار الكتب المصرية،</marc:subfield><marc:subfield code="c">1922 م.</marc:subfield></marc:datafield><marc:datafield tag="300" ind1=" " ind2=" "><marc:subfield code="a">2 ج.؛</marc:subfield><marc:subfield code="c">28 سم.</marc:subfield></marc:datafield><marc:datafield tag="500" ind1=" " ind2=" "><marc:subfield code="a">نبذة من سيرة المؤلف : من أئمة العلم بالدين والتفسير واللغة والآداب. ولد في َزَمْخَشر يوم الأربعاء السابع والعشرين من شهر رجب سنة 467 هـ / 1074 م في تركمانستان ،وسافر إلى مكة فجاور بها زمنا فلقب بجار الله، وتوفي ليلة عرفة سنة 538 هـ / 1143 م في جرجانية خوارزم، بعد رجوعه من مكة. يقول السمعاني في ترجمته: برع في الآداب، وصنف التصانيف، َوَرَد العراق وخراسان، ما دخل بلدًا إلا واجتمعوا عليه، وتتلمذوا له، وكان علامة نسابة&quot;</marc:subfield></marc:datafield><marc:datafield tag="500" ind1=" " ind2=" "><marc:subfield code="a">حالة الكتاب المادية: مجّلد. في حالة جيدة.</marc:subfield></marc:datafield><marc:datafield tag="500" ind1=" " ind2=" "><marc:subfield code="a">آخر صفحة من المجلد الأول: &quot;تم الجزء الأول ويليه الجزء الّثاني، وأّوله باب الّصد المهملة&quot;</marc:subfield></marc:datafield><marc:datafield tag="520" ind1=" " ind2=" "><marc:subfield code="a">يعد الكتاب من أهم المعاجم اللغوية القديمة التي تهتم بالألفاظ العربية وبلاغتها؛ فقد ذكر فيه المصنف المجازات اللغوية والمزايا الأدبية وتعبيرات البلغاء، وقد رتب مواد الكتاب ترتيًبا ألفبائًيا على حسب حروف المعجم.  وتتمثل طريقة عرض المؤلف للكتاب في أنه يشرح الكلمة في العربية، ُمطعًما الشرَح بالقرآن والأحاديث النبوية، وبالأشعار والأمثال العربية، ثم يذكر الاستعمالات المجازية للكلمة المشروحة.من بين مميزات أساس البلاغة أنه معجم سياقي وأنه معني بالتفرقة بين الاستعمالات الحقيقية والاستعمالات المجازية للكلمات التي تدعم مهارة المتعلم والمتكلم حتى ليبعد عن صحيح اللغة أو يهجرها ليؤكد هويته العربية ويعيد حبه للغته .</marc:subfield></marc:datafield><marc:datafield tag="520" ind1=" " ind2=" "><marc:subfield code="a"></marc:subfield></marc:datafield><marc:datafield tag="541" ind1=" " ind2=" "><marc:subfield code="a">هدية سمو الشيخ فالح بن ناصر آل ثاني إلى مكتبة مركز الوثائق والدراسات أبو ظبي</marc:subfield></marc:datafield><marc:datafield tag="650" ind1=" " ind2="4"><marc:subfield code="a">البلاغة العربية</marc:subfield><marc:subfield code="v">معاجم.</marc:subfield></marc:datafield><marc:datafield tag="650" ind1=" " ind2="4"><marc:subfield code="a">اللغة العربية</marc:subfield><marc:subfield code="v">معاجم.</marc:subfield></marc:datafield><marc:datafield tag="949" ind1=" " ind2=" "><marc:subfield code="a">414.03 ز ك أ س</marc:subfield><marc:subfield code="v">2</marc:subfield><marc:subfield code="w">DDC</marc:subfield><marc:subfield code="i">30018000012199</marc:subfield><marc:subfield code="u">06/23/2003</marc:subfield><marc:subfield code="d">04/26/2010</marc:subfield><marc:subfield code="e">02/06/2006</marc:subfield><marc:subfield code="n">1</marc:subfield><marc:subfield code="t">Book</marc:subfield><marc:subfield code="l">i</marc:subfield><marc:subfield code="m">MAIN</marc:subfield><marc:subfield code="j">0</marc:subfield><marc:subfield code="x">RAR</marc:subfield></marc:datafield><marc:datafield tag="949" ind1=" " ind2=" "><marc:subfield code="a">414.03 ز ك أ س</marc:subfield><marc:subfield code="v">1</marc:subfield><marc:subfield code="w">DDC</marc:subfield><marc:subfield code="i">30018000012198</marc:subfield><marc:subfield code="u">06/23/2003</marc:subfield><marc:subfield code="d">04/26/2010</marc:subfield><marc:subfield code="e">02/06/2006</marc:subfield><marc:subfield code="n">1</marc:subfield><marc:subfield code="t">Book</marc:subfield><marc:subfield code="l">i</marc:subfield><marc:subfield code="m">MAIN</marc:subfield><marc:subfield code="j">0</marc:subfield><marc:subfield code="x">RAR</marc:subfield></marc:datafield></marc:record>
</marc:collection>
